<?xml version="1.0" encoding="UTF-8"?>
<marc:collection xmlns:marc="http://www.loc.gov/MARC21/slim" xmlns:xsi="http://www.w3.org/2001/XMLSchema-instance" xsi:schemaLocation="http://www.loc.gov/MARC21/slim http://www.loc.gov/standards/marcxml/schema/MARC21slim.xsd">
   <marc:record type="Bibliographic">
      <marc:leader>01797cam a2200397Ma 4500</marc:leader>
      <marc:controlfield tag="001">1647906</marc:controlfield>
      <marc:controlfield tag="003">NjP</marc:controlfield>
      <marc:controlfield tag="005">20110124140805.0</marc:controlfield>
      <marc:controlfield tag="008">970520s1946    ua       b    001 0barard</marc:controlfield>
      <marc:datafield tag="024" ind1="7" ind2=" ">
         <marc:subfield code="a">princeton_aco000861</marc:subfield>
         <marc:subfield code="2">local</marc:subfield>
      </marc:datafield>
      <marc:datafield tag="035" ind1=" " ind2=" ">
         <marc:subfield code="a">(OCoLC)ocn177617192</marc:subfield>
      </marc:datafield>
      <marc:datafield tag="035" ind1=" " ind2=" ">
         <marc:subfield code="a">(OCoLC)ocm37324338</marc:subfield>
      </marc:datafield>
      <marc:datafield tag="040" ind1=" " ind2=" ">
         <marc:subfield code="a">RBN</marc:subfield>
         <marc:subfield code="c">PUL</marc:subfield>
         <marc:subfield code="d">PUL</marc:subfield>
      </marc:datafield>
      <marc:datafield tag="035" ind1=" " ind2=" ">
         <marc:subfield code="a">(OCoLC)177617192</marc:subfield>
      </marc:datafield>
      <marc:datafield tag="035" ind1=" " ind2=" ">
         <marc:subfield code="9">CFF9323TS</marc:subfield>
      </marc:datafield>
      <marc:datafield tag="035" ind1=" " ind2=" ">
         <marc:subfield code="a">(NjP)1647906</marc:subfield>
      </marc:datafield>
      <marc:datafield tag="050" ind1="1" ind2="4">
         <marc:subfield code="a">BP80.N39</marc:subfield>
         <marc:subfield code="b">A28x 1946</marc:subfield>
      </marc:datafield>
      <marc:datafield tag="079" ind1=" " ind2=" ">
         <marc:subfield code="a">ocm37324338</marc:subfield>
      </marc:datafield>
      <marc:datafield tag="049" ind1=" " ind2=" ">
         <marc:subfield code="a">PULL</marc:subfield>
      </marc:datafield>
      <marc:datafield tag="100" ind1="1" ind2=" ">
         <marc:subfield code="6">880-01</marc:subfield>
         <marc:subfield code="a">Abū Rīdah, Muḥammad ʻAbd al-Hādī.</marc:subfield>
      </marc:datafield>
      <marc:datafield tag="245" ind1="1" ind2="0">
         <marc:subfield code="6">880-02</marc:subfield>
         <marc:subfield code="a">Ibrāhīm ibn Sayyār al-Naẓẓām wa-ārāʼuhu al-kalāmīyah al-falsafīyah /</marc:subfield>
         <marc:subfield code="c">taʼlīf Muḥammad ʻAbd al-Hādī Abū Rīdah.</marc:subfield>
      </marc:datafield>
      <marc:datafield tag="260" ind1=" " ind2=" ">
         <marc:subfield code="6">880-03</marc:subfield>
         <marc:subfield code="a">al-Qāhirah :</marc:subfield>
         <marc:subfield code="b">Maṭbaʻat Lajnat al-Taʼlīf wa-al-Tarjamah wa-al-Nashr,</marc:subfield>
         <marc:subfield code="c">1946.</marc:subfield>
      </marc:datafield>
      <marc:datafield tag="300" ind1=" " ind2=" ">
         <marc:subfield code="a">6, 183 p. ;</marc:subfield>
         <marc:subfield code="c">25 cm.</marc:subfield>
      </marc:datafield>
      <marc:datafield tag="500" ind1=" " ind2=" ">
         <marc:subfield code="a">At head of t.p.: Lajnat al-Taʼlīf wa-al-Tarjamah wa-al-Nashr.</marc:subfield>
      </marc:datafield>
      <marc:datafield tag="504" ind1=" " ind2=" ">
         <marc:subfield code="a">Includes bibliographical references and index.</marc:subfield>
      </marc:datafield>
      <marc:datafield tag="500" ind1=" " ind2=" ">
         <marc:subfield code="a">In Arabic.</marc:subfield>
      </marc:datafield>
      <marc:datafield tag="600" ind1="1" ind2="0">
         <marc:subfield code="6">880-04</marc:subfield>
         <marc:subfield code="a">Naẓẓām, Ibrāhīm ibn Sayyār,</marc:subfield>
         <marc:subfield code="d">760?-845.</marc:subfield>
      </marc:datafield>
      <marc:datafield tag="650" ind1=" " ind2="0">
         <marc:subfield code="a">Motazilites</marc:subfield>
         <marc:subfield code="v">Biography.</marc:subfield>
      </marc:datafield>
      <marc:datafield tag="710" ind1="2" ind2=" ">
         <marc:subfield code="6">880-05</marc:subfield>
         <marc:subfield code="a">Lajnat al-Taʼlīf wa-al-Tarjamah wa-al-Nashr (Cairo, Egypt)</marc:subfield>
      </marc:datafield>
      <marc:datafield tag="880" ind1="1" ind2=" ">
         <marc:subfield code="6">100-01/r</marc:subfield>
         <marc:subfield code="a">ابو ريدة، محمد عبد الهادي.</marc:subfield>
      </marc:datafield>
      <marc:datafield tag="880" ind1="1" ind2="0">
         <marc:subfield code="6">245-02/r</marc:subfield>
         <marc:subfield code="a">ابراهيم بن سيار النظام وآراؤه الكلامية الفلسفية /</marc:subfield>
         <marc:subfield code="c">تأليف محمد عبد الهادي ابو ريدة.</marc:subfield>
      </marc:datafield>
      <marc:datafield tag="880" ind1=" " ind2=" ">
         <marc:subfield code="6">260-03/r</marc:subfield>
         <marc:subfield code="a">القاهرة :</marc:subfield>
         <marc:subfield code="b">مطبعة لجنة التأليف والترجمة والنشر،</marc:subfield>
         <marc:subfield code="c">1946.</marc:subfield>
      </marc:datafield>
      <marc:datafield tag="880" ind1="1" ind2="0">
         <marc:subfield code="6">600-04/r</marc:subfield>
         <marc:subfield code="a">نظام، ابراهيم بن سيار،</marc:subfield>
         <marc:subfield code="d">760؟845.</marc:subfield>
      </marc:datafield>
      <marc:datafield tag="880" ind1="2" ind2=" ">
         <marc:subfield code="6">710-05/r</marc:subfield>
         <marc:subfield code="a">لجنة التأليف والترجمة والنشر (Cairo، مصر)</marc:subfield>
      </marc:datafield>
      <marc:datafield tag="947" ind1=" " ind2=" ">
         <marc:subfield code="a">CFF9323</marc:subfield>
      </marc:datafield>
      <marc:datafield tag="911" ind1=" " ind2=" ">
         <marc:subfield code="a">20000130</marc:subfield>
      </marc:datafield>
      <marc:datafield tag="994" ind1=" " ind2=" ">
         <marc:subfield code="a">C0</marc:subfield>
         <marc:subfield code="b">PUL</marc:subfield>
      </marc:datafield>
      <marc:datafield tag="999" ind1=" " ind2=" ">
         <marc:subfield code="a">1647906</marc:subfield>
      </marc:datafield>
   </marc:record>
</marc:collection>
